@article{wal,
author = {Martin Fowler},
title = {{Write-Ahead Log}},
note = {
	on-line at: \url{https://martinfowler.com/articles/patterns-of-distributed-systems/write-ahead-log.html}
},
language = {english},
hyphenation = {english}
}

@article{EventuallyConsistent,
author = {Luka Lukics dsda},
ams-subject = {(05C80)},
fromwhere = {1,IL},
journal = {SIAM Journal on Computing},
review = {MR 88i:05162},
pages = {486--502},
title = {{Expected computation time for Hamiltonian path problem}},
volume = {16},
year = {1987},
note = {
	on-line at: \url{https://www.researchgate.net/publication/27301367_Eventually_Consistent}
},
language = {english},
hyphenation = {english}
}

@article{ACIDvsBASE,
author = {John D Book},
title = {{ACID versus BASE for database transactions}},
year = {2009},
note = {
	on-line at: \url{https://www.johndcook.com/blog/2009/07/06/brewer-cap-theorem-base/}
},
language = {english},
hyphenation = {english}
}

@article{BigTable,
author = {Fay Chang, Jeffrey Dean, Sanjay Ghemawat},
ams-subject = {(05C80)},
fromwhere = {1,IL},
journal = {SIAM Journal on Computing},
review = {MR 88i:05162},
pages = {486--502},
title = {{Bigtable: A Distributed Storage System for Structured Data}},
volume = {16},
year = {2006},
note = {
	on-line at: \url{https://static.googleusercontent.com/media/research.google.com/fr//archive/bigtable-osdi06.pdf}
},
language = {english},
hyphenation = {english}
}

@article{hdfs,
title = {HDFS Architecture},
note = {
	on-line at: \url{https://hadoop.apache.org/docs/stable/hadoop-project-dist/hadoop-hdfs/HdfsDesign.html#Introduction}
}
}


@article{NormalForms,
author = {Nicola Amato},
ams-subject = {(05C80)},
fromwhere = {1,IL},
journal = {SIAM Journal on Computing},
review = {MR 88i:05162},
pages = {486--502},
title = {{Mastering database normalization:
A comprehensive exploration of normal forms}},
language = {english},
hyphenation = {english}
}

@article{PostgreSQLUpAndRunning,
author = {Regina O. Obe and Leo S. Hsu},
title = {{PostgreSQL: Up and Running}},
language = {english},
hyphenation = {english}
}

@article{hbaseSchema,
author = {Amandeep Khurana},
title = {{Introduction to hbase Schema Design}},
language = {english},
hyphenation = {english}
}


@misc{zookeeper,
title = {{Apache ZooKeeper}},
note = {
	on-line at: \url{https://zookeeper.apache.org/}},
author = {Apache software foundation},
language = {english},
hyphenation = {english}
}

@inproceedings{PostgresHistory,
title = {A Brief History of PostgreSQL},
note = {
	on-line at: \url{https://www.postgresql.org/docs/current/history.html}
},
year = {2024},
language = {serbian},
hyphenation = {serbian}
}

@inproceedings{URBP,
author = {Gordana Pavlović-Lažetić},
title = {Uvod u relacione baze podataka},
year = {1999},
language = {serbian},
hyphenation = {serbian}
}


@misc{ColumnarOptimizations,
title = {Compression in Columnar Databases},
note = {
	on-line at: \url{https://chistadata.com/compression-techniques-column-oriented-databases/}
}
}

@inproceedings{oltp,
title = {What is OLTP?},
note = {
	on-line at: \url{https://www.oracle.com/database/what-is-oltp/}
},
author= {Oracle}
}

@inproceedings{tpcc,
title = {TPC-C},
note = {
	on-line at: \url{https://www.tpc.org/tpcc/}
},
language = {serbian},
hyphenation = {serbian}
}

@inproceedings{tpch,
title = {TPC-H},
note = {
	on-line at: \url{https://www.tpc.org/tpch/}
},
language = {serbian},
hyphenation = {serbian}
}

@inproceedings{ColumnarOriented,
author = {Martin Kleppmann},
title = {Designing Data-Intensive Applications. The Big Ideas Behind Reliable, Scalable and Maintainable Systems},
year = {2017},
language = {serbian},
hyphenation = {serbian}
}

@misc{hbaseACID,
title = {{ApacheHBase}},
note = {on-line at: \url{https://hbase.apache.org/acid-semantics.html}},
     author = {Free Software Foundation},
     year = {2013}
}


@inproceedings{hbaseGuide,
title = {HBase: The Definitive Guide},
author = {Lars George},
language = {serbian},
hyphenation = {serbian}
}
https://hbase.apache.org/acid-semantics.html

@misc{gcc,
title = {{GNU gcc}},
note = {on-line at: \url{http://gcc.gnu.org/}},
     author = {Free Software Foundation},
     year = {2013}
}


@inproceedings{rowa,
title = {{Projektovanje baza podata }},
author = {Saša Malkov},
note = {on-line at: \url{http://poincare.matf.bg.ac.rs/~sasa.malkov/files/pbp.r273.2023/public/predavanja/PBP%20-%2011%20-%202023%20-%20Replikacija.pdf}},
     author = {Free Software Foundation},
     year = {2023}
}
